@inproceedings{issartel2007,
  title={An inversion technique to retrieve the source of a tracer with an application to synthetic satellite measurements},
  author={Issartel, Jean-Pierre and Sharan, Maithili and Modani, Manish},
  booktitle={Proceedings of the Royal Society of London A: Mathematical, Physical and Engineering Sciences},
  volume={463},
  number={2087},
  pages={2863--2886},
  year={2007},
  organization={The Royal Society}
}
