@article{eberhart2015high,
  title={High Performance Numerical Validation using Stochastic Arithmetic},
  author={Eberhart, Pac{\^o}me and Brajard, Julien and Fortin, Pierre and J{\'e}z{\'e}quel, Fabienne},
  journal={Reliable Computing},
  volume={21},
  pages={35--52},
  year={2015}
}

@article{issa2016modelling,
  title={Modelling surface currents in the Eastern Levantine Mediterranean using surface drifters and satellite altimetry},
  author={Issa, Leila and Brajard, Julien and Fakhri, Milad and Hayes, Daniel and Mortier, Laurent and Poulain, Pierre-Marie},
  journal={Ocean Modelling},
  volume={104},
  pages={1--14},
  year={2016},
  publisher={Elsevier}
}
